<record><leader>00000cas a22000007a 4500</leader><controlfield tag="001">18674373</controlfield><controlfield tag="008">881027d193519uupauwr ne      0    0eng d</controlfield><datafield ind1=" " ind2=" " tag="010"><subfield code="a">sn 88079591 </subfield></datafield><datafield ind1=" " ind2=" " tag="040"><subfield code="a">NPH</subfield><subfield code="b">eng</subfield><subfield code="c">NPH</subfield><subfield code="d">OCLCQ</subfield></datafield><datafield ind1=" " ind2=" " tag="042"><subfield code="a">msc</subfield></datafield><datafield ind1="0" ind2=" " tag="130"><subfield code="a">Suburban herald (Willow Grove, Pa.)</subfield></datafield><datafield ind1="1" ind2="4" tag="245"><subfield code="a">The suburban herald.</subfield></datafield><datafield ind1=" " ind2=" " tag="260"><subfield code="a">Willow Grove, Pa. :</subfield><subfield code="b">W. Blair Press,</subfield><subfield code="c">1935-</subfield></datafield><datafield ind1=" " ind2=" " tag="300"><subfield code="a">v. :</subfield><subfield code="b">ill. ;</subfield><subfield code="c">43 cm.</subfield></datafield><datafield ind1=" " ind2=" " tag="310"><subfield code="a">Weekly</subfield></datafield><datafield ind1="0" ind2=" " tag="362"><subfield code="a">Vol. 1, no. 1 (Mar. 27, 1935)-</subfield></datafield><datafield ind1=" " ind2=" " tag="752"><subfield code="a">United States</subfield><subfield code="b">Pennsylvania</subfield><subfield code="c">Montgomery</subfield><subfield code="d">Willow Grove.</subfield></datafield></record>